@Article{jansen-2009,
  author = 	 {Jansen, Bernard J. and Zhang, Mimi and Sobel, Kate and Chowdury, Abdur},
  title = 	 {Twitter Power: Tweets as Electronic Word of Mouth},
  journal = 	 {Journal of the American Society for Information Science and Technology},
  year = 	 2009,
  volume =	60,
  pages =	 {2169--2188},
}


@Article{go-distant,
  author = 	 {Go, Alec and Bhayani, Richa and Huang, Lei},
  title = 	 {Twitter Sentiment Classification using Distant Supervision},
  journal = 	 {CS224N Project Report, Stanford},
  year = 	 2009,
  pages =	 {1--6},
}

@Article{wiebe-2005,
  author = 	 {Wilson, Theresa and Wiebe, Janyce and Hoffmann, Paul},
  title = 	 {Recognizing Contextual Polarity in Phrase-Level Sentiment Analysis},
  journal = 	 {HLT-EMNLP-2005},
  year = 	 2005,
}
@Article{diakopoulos-2010,
  author = 	 {Diakopoulos, Nicholas A. and Shamma, David A.},
  title = 	 {Characterizing Debate Performance via Aggregated Twitter Sentiment},
  journal = 	 {CHI},
  year = 	 2010,
  pages =	 {1--10},
}


@Article{oconnor-2010,
  author = 	 {O'Connor, Brenden and Balasubramanyan, Ramnath and Routledge, Bryan R. and Smith, Noah A.},
  title = 	 {From Tweets to Polls: Linking Text Sentiment to Public Opinion Time Series},
  journal = 	 {AAAI Conference on Weblogs and Social Media},
  year = 	 2010,
}

@ONLINE{dsouza-2010,
  author = {Dsouza, Keith},
  title = {Twitter Has 224 Million Users, Adds 100 Million Users This Year},
  month = dec,
  year = {2010},
  url = {http://techie-buzz.com/social-networking/twitter-total-users-stats.html}
}

@ONLINE{rao-2010,
  author = {Rao, Leena},
  title = {Twitter Seeing 90 Million Tweets Per Day, 25 Percent Contain Links},
  month = Sep,
  year = {2010},
  url = {http://techcrunch.com/2010/09/14/twitter-seeing-90-million-tweets-per-day/}
}
@Comment {@INPROCEEDINGS{hana2006-tagging,
   AUTHOR = {Hana, Jirka and Feldman, Anna and Amaral, Luiz and Brew, Chris},
   TITLE = {Tagging {P}ortuguese With A {S}panish Tagger},
   BOOKTITLE = {Proceedings of the EACL-06 Workshop on Cross-Language Knowledge Induction},
   YEAR = 2006,
   PDF = {W06-2005.pdf}
}
}
